%YAML 1.1
%TAG !u! tag:unity3d.com,2011:
--- !u!1 &8038018939942184823
GameObject:
  m_ObjectHideFlags: 0
  m_CorrespondingSourceObject: {fileID: 0}
  m_PrefabInstance: {fileID: 0}
  m_PrefabAsset: {fileID: 0}
  serializedVersion: 6
  m_Component:
  - component: {fileID: 8038018939942184822}
  - component: {fileID: 8038018939942184820}
  - component: {fileID: 8038018939942184821}
  - component: {fileID: 8038018939942184779}
  - component: {fileID: 8038018939942184778}
  m_Layer: 0
  m_Name: Managers
  m_TagString: Untagged
  m_Icon: {fileID: 0}
  m_NavMeshLayer: 0
  m_StaticEditorFlags: 0
  m_IsActive: 1
--- !u!4 &8038018939942184822
Transform:
  m_ObjectHideFlags: 0
  m_CorrespondingSourceObject: {fileID: 0}
  m_PrefabInstance: {fileID: 0}
  m_PrefabAsset: {fileID: 0}
  m_GameObject: {fileID: 8038018939942184823}
  m_LocalRotation: {x: 0, y: 0, z: 0, w: 1}
  m_LocalPosition: {x: 5.9196053, y: -0.9271054, z: 4.0947013}
  m_LocalScale: {x: 1, y: 1, z: 1}
  m_Children: []
  m_Father: {fileID: 0}
  m_RootOrder: 0
  m_LocalEulerAnglesHint: {x: 0, y: 0, z: 0}
--- !u!114 &8038018939942184820
MonoBehaviour:
  m_ObjectHideFlags: 0
  m_CorrespondingSourceObject: {fileID: 0}
  m_PrefabInstance: {fileID: 0}
  m_PrefabAsset: {fileID: 0}
  m_GameObject: {fileID: 8038018939942184823}
  m_Enabled: 1
  m_EditorHideFlags: 0
  m_Script: {fileID: 11500000, guid: 3a0158fc971e60140a5b00c634ec76dc, type: 3}
  m_Name: 
  m_EditorClassIdentifier: 
  objectsManager: {fileID: 0}
  stageManager: {fileID: 8038018939942184779}
  activityManager: {fileID: 8038018939942184821}
  userErrorManager: {fileID: 8038018939942184778}
  uIManager: {fileID: 0}
--- !u!114 &8038018939942184821
MonoBehaviour:
  m_ObjectHideFlags: 0
  m_CorrespondingSourceObject: {fileID: 0}
  m_PrefabInstance: {fileID: 0}
  m_PrefabAsset: {fileID: 0}
  m_GameObject: {fileID: 8038018939942184823}
  m_Enabled: 1
  m_EditorHideFlags: 0
  m_Script: {fileID: 11500000, guid: a3c4b7d2f8cda9144aaa352a31b66a92, type: 3}
  m_Name: 
  m_EditorClassIdentifier: 
  gameManager: {fileID: 8038018939942184820}
  activities: []
--- !u!114 &8038018939942184779
MonoBehaviour:
  m_ObjectHideFlags: 0
  m_CorrespondingSourceObject: {fileID: 0}
  m_PrefabInstance: {fileID: 0}
  m_PrefabAsset: {fileID: 0}
  m_GameObject: {fileID: 8038018939942184823}
  m_Enabled: 1
  m_EditorHideFlags: 0
  m_Script: {fileID: 11500000, guid: ad8c42710a0e80f44978c8b52421c228, type: 3}
  m_Name: 
  m_EditorClassIdentifier: 
  objectsManager: {fileID: 0}
  gameManager: {fileID: 8038018939942184820}
  stages: []
  indexStageActual: 0
--- !u!114 &8038018939942184778
MonoBehaviour:
  m_ObjectHideFlags: 0
  m_CorrespondingSourceObject: {fileID: 0}
  m_PrefabInstance: {fileID: 0}
  m_PrefabAsset: {fileID: 0}
  m_GameObject: {fileID: 8038018939942184823}
  m_Enabled: 1
  m_EditorHideFlags: 0
  m_Script: {fileID: 11500000, guid: 10d0badc11da10d4dacbe4b7f29e0d78, type: 3}
  m_Name: 
  m_EditorClassIdentifier: 
  gameManager: {fileID: 8038018939942184820}
  userErrors: []
